% This file was created with JabRef 2.10.
% Encoding: UTF8


@Misc{Kernel_6,
  Title                    = {Makefile and Kconfig},

  Author                   = {Hema .p},
  HowPublished             = {\url{http://hemaprathaban.blogspot.co.at/2013/06/makefile-and-kconfig.html}},
  Note                     = {Last visited: 2016-05-09},
  Year                     = {2013},

  Owner                    = {weiner},
  Timestamp                = {2016.05.09},
  Url                      = {http://hemaprathaban.blogspot.co.at/2013/06/makefile-and-kconfig.html}
}

@InProceedings{XOgastan,
  Title                    = {XOgastan: XML-oriented gcc AST analysis and transformations},
  Author                   = {G. Antoniol and M. Di Penta and G. Masone and U. Villano},
  Booktitle                = {Source Code Analysis and Manipulation, 2003. Proceedings. Third IEEE International Workshop on},
  Year                     = {2003},
  Month                    = {Sept},
  Pages                    = {173-182},

  Doi                      = {10.1109/SCAM.2003.1238043},
  Keywords                 = {XML;abstract data types;graph grammars;program compilers;program diagnostics;program interpreters;software maintenance;software tools;API;GXL;XML oriented gcc AST analysis;XML tools;XOgastan;abstract syntax trees;g++ format;gcc format;graph exchange language representation;parser;program analysis;software maintenance;static source code analysis;transformation tools;Computer architecture;Computer languages;Data mining;Information analysis;Reverse engineering;Software maintenance;Software tools;Subspace constraints;Tree graphs;XML},
  Owner                    = {harry},
  Timestamp                = {2016.05.09}
}

@Article{bruneliere2014modisco,
  Title                    = {Modisco: A model driven reverse engineering framework},
  Author                   = {Bruneliere, Hugo and Cabot, Jordi and Dup{\'e}, Gr{\'e}goire and Madiot, Fr{\'e}d{\'e}ric},
  Journal                  = {Information and Software Technology},
  Year                     = {2014},
  Number                   = {8},
  Pages                    = {1012--1032},
  Volume                   = {56},

  Owner                    = {harry},
  Publisher                = {Elsevier},
  Timestamp                = {2016.05.09},
  Url                      = {https://hal-mines-nantes.archives-ouvertes.fr/docs/00/97/26/32/PDF/MoDisco-JournalPaper-IST_Preliminary.pdf}
}

@InProceedings{bruneliere2010modisco,
  Title                    = {MoDisco: a generic and extensible framework for model driven reverse engineering},
  Author                   = {Bruneliere, Hugo and Cabot, Jordi and Jouault, Fr{\'e}d{\'e}ric and Madiot, Fr{\'e}d{\'e}ric},
  Booktitle                = {Proceedings of the IEEE/ACM international conference on Automated software engineering},
  Year                     = {2010},
  Organization             = {ACM},
  Pages                    = {173--174},

  Owner                    = {harry},
  Timestamp                = {2016.05.09},
  Url                      = {https://hal.archives-ouvertes.fr/hal-00534450/document}
}

@InProceedings{fischer2014enhancing,
  Title                    = {Enhancing clone-and-own with systematic reuse for developing software variants},
  Author                   = {Fischer, Stefan and Linsbauer, Lukas and Lopez-Herrejon, Roberto Erick and Egyed, Alexander},
  Booktitle                = {Software Maintenance and Evolution (ICSME), 2014 IEEE International Conference on},
  Year                     = {2014},
  Organization             = {IEEE},
  Pages                    = {391--400}
}

@Misc{GNUCEBNF,
  Title                    = {TXL C Basis Grammar},

  Author                   = {James R. Cordy, Andrew J. Malton, Christopher Dahn},
  HowPublished             = {\url{http://slebok.github.io/zoo/c/gnu/cordy-malton-dahn/extracted/index.html}},
  Note                     = {Last visited: 2016-05-09},
  Year                     = {2011},

  Owner                    = {harry},
  Timestamp                = {2016.05.09},
  Url                      = {http://slebok.github.io/zoo/c/gnu/cordy-malton-dahn/extracted/index.html}
}

@Misc{C_Discoverer,
  Title                    = {Eclipse Community Forums - Eclipse MoDisco - C/C++ Discoverer(Looking for c/c++ discoverer)},

  Author                   = {Jim Foscue, Hugo Bruneliere, Harald Alfred Weiner},
  HowPublished             = {\url{https://www.eclipse.org/forums/index.php/t/366540/}},
  Note                     = {Last visited: 2016-05-10},
  Year                     = {2012-2015},

  Owner                    = {weiner},
  Timestamp                = {2016.05.10},
  Url                      = {https://www.eclipse.org/forums/index.php?t=msg&th=366540&goto=892358&#msg_892358}
}

@Misc{Kernel_3,
  Title                    = {The Kernel Configuration and Build Process},

  Author                   = {Greg Kroah-Hartman},
  HowPublished             = {\url{http://www.linuxjournal.com/article/6568}},
  Note                     = {Last visited: 2016-05-09},
  Year                     = {2003},

  Owner                    = {weiner},
  Timestamp                = {2016.05.09},
  Url                      = {http://www.linuxjournal.com/article/6568}
}

@Misc{ClangIntro,
  Title                    = {New LLVM C Front-end},

  Author                   = {Steve Naroff},
  HowPublished             = {\url{http://llvm.org/devmtg/2007-05/09-Naroff-CFE.pdf}},
  Note                     = {Last visited: 2016-05-09},
  Year                     = {2007},

  Owner                    = {harry},
  Timestamp                = {2016.05.09},
  Url                      = {http://llvm.org/devmtg/2007-05/09-Naroff-CFE.pdf}
}

@Article{piatov2012using,
  Title                    = {Using the Eclipse C/C++ Development Tooling as a Robust, Fully Functional, Actively Maintained, Open Source C++ Parser.},
  Author                   = {Piatov, Danila and Janes, Andrea and Sillitti, Alberto and Succi, Giancarlo},
  Journal                  = {OSS},
  Year                     = {2012},
  Pages                    = {399},
  Volume                   = {378},

  Owner                    = {weiner},
  Timestamp                = {2016.05.10},
  Url                      = {https://www.researchgate.net/profile/Alberto_Sillitti/publication/266483397_Using_the_Eclipse_CC_Development_Tooling_as_a_Robust_Fully_Functional_Actively_Maintained_Open_Source_C_Parser/links/550693800cf231de0777fec0.pdf}
}

@InCollection{scheidgen2014model,
  Title                    = {Model-Based Mining of Source Code Repositories},
  Author                   = {Scheidgen, Markus and Fischer, Joachim},
  Booktitle                = {System Analysis and Modeling: Models and Reusability},
  Publisher                = {Springer},
  Year                     = {2014},
  Pages                    = {239--254},

  Owner                    = {harry},
  Timestamp                = {2015.01.11},
  Url                      = {http://citeseerx.ist.psu.edu/viewdoc/download?doi=10.1.1.657.3002&rep=rep1&type=pdf}
}

@Article{senac2010emf4cpp,
  Title                    = {EMF4CPP: a C++ Ecore Implementation},
  Author                   = {Senac, Andr{\'e}s and Sevilla, Diego and Mart{\'\i}nez, Gregorio},
  Journal                  = {CABOT, Jordi (Hrsg.)},
  Year                     = {2010},
  Pages                    = {98--106},

  Owner                    = {weiner},
  Timestamp                = {2016.05.10}
}

@Article{she2010variability,
  Title                    = {The Variability Model of The Linux Kernel.},
  Author                   = {She, Steven and Lotufo, Rafael and Berger, Thorsten and Wasowski, Andrzej and Czarnecki, Krzysztof},
  Journal                  = {VaMoS},
  Year                     = {2010},
  Pages                    = {45--51},
  Volume                   = {10},

  Owner                    = {weiner},
  Timestamp                = {2016.05.09},
  Url                      = {http://gsd.uwaterloo.ca/sites/default/files/camera-vamos-20100107.pdf}
}

@InProceedings{sincero2008linux,
  Title                    = {The Linux Kernel Configurator as a Feature Modeling Tool.},
  Author                   = {Sincero, Julio and Schr{\"o}der-Preikschat, Wolfgang},
  Booktitle                = {SPLC (2)},
  Year                     = {2008},
  Organization             = {Citeseer},
  Pages                    = {257--260},

  Owner                    = {weiner},
  Timestamp                = {2016.05.09},
  Url                      = {http://citeseerx.ist.psu.edu/viewdoc/download?doi=10.1.1.157.2318&rep=rep1&type=pdf}
}

@Book{steinberg2008emf,
  Title                    = {EMF: eclipse modeling framework},
  Author                   = {Steinberg, Dave and Budinsky, Frank and Merks, Ed and Paternostro, Marcelo},
  Publisher                = {Pearson Education},
  Year                     = {2008},

  Owner                    = {weiner},
  Timestamp                = {2016.05.10}
}

@InProceedings{tartler2009dead,
  Title                    = {Dead or alive: finding zombie features in the linux kernel},
  Author                   = {Tartler, Reinhard and Sincero, Julio and Schr{\"o}der-Preikschat, Wolfgang and Lohmann, Daniel},
  Booktitle                = {Proceedings of the First International Workshop on Feature-Oriented Software Development},
  Year                     = {2009},
  Organization             = {ACM},
  Pages                    = {81--86},

  Owner                    = {weiner},
  Timestamp                = {2016.05.09},
  Url                      = {http://www.infosun.fim.uni-passau.de/spl/apel/FOSD2009/FOSD2009_Printed_Proceedings.pdf#page=89}
}

@Misc{Bison,
  Title                    = {GNU Bison website},
  HowPublished             = {\url{https://www.gnu.org/software/bison/}},
  Note                     = {Last visited: 2016-05-09},

  Owner                    = {harry},
  Timestamp                = {2016.05.09},
  Url                      = {https://www.gnu.org/software/bison/}
}

@Misc{COCOR,
  Title                    = {COCO/R},
  HowPublished             = {\url{http://ssw.jku.at/Research/Projects/Coco/}},
  Note                     = {Last visited: 2016-05-09},

  Owner                    = {harry},
  Timestamp                = {2015.01.10},
  Url                      = {http://ssw.jku.at/Research/Projects/Coco/}
}

@Misc{Eclipse_1,
  Title                    = {Eclipse Modeling Download},
  HowPublished             = {\url{https://eclipse.org/downloads/}},
  Note                     = {Last visited: 2016-05-09},

  Owner                    = {weiner},
  Timestamp                = {2016.05.09},
  Url                      = {https://eclipse.org/downloads/}
}

@Misc{Eclipse_2,
  Title                    = {Eclipse Modeling Download Luna},
  HowPublished             = {\url{https://eclipse.org/downloads/packages/release/luna/sr2}},
  Note                     = {Last visited: 2016-05-09},

  Owner                    = {weiner},
  Timestamp                = {2016.05.09},
  Url                      = {https://eclipse.org/downloads/packages/release/luna/sr2}
}

@Misc{Eclipse_3,
  Title                    = {Modeling package updates for Eclipse Mars},
  HowPublished             = {\url{http://www.eclipse.org/modeling/amalgam/downloads/package/modeling/mars/}},
  Note                     = {Last visited: 2016-05-09},

  Owner                    = {weiner},
  Timestamp                = {2016.05.09},
  Url                      = {http://www.eclipse.org/modeling/amalgam/downloads/package/modeling/mars/}
}

@Misc{Eclipse_4,
  Title                    = {Modeling package updates for Eclipse Luna},
  HowPublished             = {\url{http://www.eclipse.org/modeling/amalgam/downloads/package/modeling/luna/}},
  Note                     = {Last visited: 2016-05-09},

  Owner                    = {weiner},
  Timestamp                = {2016.05.09},
  Url                      = {http://www.eclipse.org/modeling/amalgam/downloads/package/modeling/luna/}
}

@Misc{Eclipse_5,
  Title                    = {NeoEMF update site},
  HowPublished             = {\url{https://timeraider4u.github.io/NeoEMF/}},
  Note                     = {Last visited: 2016-05-09},

  Owner                    = {weiner},
  Timestamp                = {2016.05.09},
  Url                      = {https://timeraider4u.github.io/NeoEMF/}
}

@Misc{Eclipse_6,
  Title                    = {org.xtext.antlr.generator update site},
  HowPublished             = {\url{https://timeraider4u.github.io/org.xtext.antlr.generator/}},
  Note                     = {Last visited: 2016-05-09},

  Owner                    = {weiner},
  Timestamp                = {2016.05.09},
  Url                      = {https://timeraider4u.github.io/org.xtext.antlr.generator/}
}

@Misc{Eclipse_7,
  Title                    = {Modified Xtext update site},
  HowPublished             = {\url{https://timeraider4u.github.io/xtext/}},
  Note                     = {Last visited: 2016-05-09},

  Owner                    = {weiner},
  Timestamp                = {2016.05.09},
  Url                      = {https://timeraider4u.github.io/xtext/}
}

@Misc{eclipse-forum-cpp-discoverer,
  Title                    = {Eclipse Forum - C/C++ Discoverer},
  HowPublished             = {\url{http://www.eclipse.org/forums/index.php/t/366540/}},
  Note                     = {Last visited: 2016-05-09},

  Owner                    = {harry},
  Timestamp                = {2015.01.11}
}

@Misc{eclipse-modisco,
  Title                    = {Eclipse MoDisco},
  HowPublished             = {\url{https://eclipse.org/MoDisco/}},
  Note                     = {Last visited: 2016-05-09},

  Owner                    = {harry},
  Timestamp                = {2015.01.11}
}

@Misc{ecourl,
  Title                    = {ECCO tool website},
  HowPublished             = {\url{http://www.isse.jku.at/tools/ecco}},
  Note                     = {Last visited: 2016-05-09}
}

@Misc{emf4cpp,
  Title                    = {EMF4CPP},
  HowPublished             = {\url{https://code.google.com/p/emf4cpp/}},
  Note                     = {Last visited: 2016-05-09},

  Owner                    = {harry},
  Timestamp                = {2015.01.11}
}

@Misc{EPL_URL,
  Title                    = {Eclipse Public License text},
  HowPublished             = {\url{http://www.eclipse.org/legal/epl-v10.html}},
  Note                     = {Last visited: 2016-05-09},

  Owner                    = {weiner},
  Timestamp                = {2016.05.09},
  Url                      = {http://www.eclipse.org/legal/epl-v10.html}
}

@Misc{Grammarzoo,
  Title                    = {Grammar zoo},
  HowPublished             = {\url{https://github.com/grammarware/slps/tree/master/topics/grammars}},
  Note                     = {Last visited: 2016-05-09},

  Owner                    = {harry},
  Timestamp                = {2015.01.10}
}

@Misc{ISSE_URL,
  Title                    = {Institute for Software Systems Engineering},
  HowPublished             = {\url{http://www.jku.at/isse/content}},
  Note                     = {Last visited: 2016-05-09},

  Owner                    = {weiner},
  Timestamp                = {2016.05.09},
  Url                      = {http://www.jku.at/isse/content}
}

@Misc{Kefax_URL,
  Title                    = {Kefax update site},
  HowPublished             = {\url{https://timeraider4u.github.io/kefax/}},
  Note                     = {Last visited: 2016-05-09},

  Owner                    = {weiner},
  Timestamp                = {2016.05.09},
  Url                      = {https://timeraider4u.github.io/kefax/}
}

@Misc{Kefax2_URL,
  Title                    = {Kefax source code},
  HowPublished             = {\url{https://github.com/timeraider4u/kefax}},
  Note                     = {Last visited: 2016-05-09},

  Owner                    = {weiner},
  Timestamp                = {2016.05.09},
  Url                      = {https://github.com/timeraider4u/kefax}
}

@Misc{Kernel_1,
  Title                    = {Linux kernel},
  HowPublished             = {\url{https://www.kernel.org/}},
  Note                     = {Last visited: 2016-05-09},

  Owner                    = {weiner},
  Timestamp                = {2016.05.09},
  Url                      = {https://www.kernel.org/}
}

@Misc{Kernel_2,
  Title                    = {Linux kernel (Github mirror)},
  HowPublished             = {\url{https://github.com/torvalds/linux}},
  Note                     = {Last visited: 2016-05-09},

  Owner                    = {weiner},
  Timestamp                = {2016.05.09},
  Url                      = {https://github.com/torvalds/linux}
}

@Misc{Kernel_4,
  Title                    = {Kconfig},
  HowPublished             = {\url{https://www.kernel.org/doc/Documentation/kbuild/kconfig-language.txt}},
  Note                     = {Last visited: 2016-05-09},

  Owner                    = {weiner},
  Timestamp                = {2016.05.09},
  Url                      = {https://www.kernel.org/doc/Documentation/kbuild/kconfig-language.txt}
}

@Misc{Kernel_5,
  Title                    = {Kbuild makefiles},
  HowPublished             = {\url{https://www.kernel.org/doc/Documentation/kbuild/makefiles.txt}},
  Note                     = {Last visited: 2016-05-09},

  Owner                    = {weiner},
  Timestamp                = {2016.05.09},
  Url                      = {https://www.kernel.org/doc/Documentation/kbuild/makefiles.txt}
}

@Misc{Modisco_1,
  Title                    = {Eclipse MoDisco home},
  HowPublished             = {\url{https://eclipse.org/MoDisco/}},
  Note                     = {Last visited: 2016-05-09},

  Owner                    = {harry},
  Timestamp                = {2016.05.09},
  Url                      = {https://eclipse.org/MoDisco/}
}

@Misc{Eclipse_CDT,
  Title                    = {Eclipse CDT (C/C++ Development Tooling) website},
  HowPublished             = {\url{https://eclipse.org/cdt/}},
  Note                     = {Last visited: 2016-05-10},
  Year                     = {2016},

  Owner                    = {weiner},
  Timestamp                = {2016.05.10},
  Url                      = {https://eclipse.org/cdt/}
}

@Misc{Eclipse_EMF,
  Title                    = {Eclipse Modeling Framework (EMF)},
  HowPublished             = {\url{https://eclipse.org/modeling/emf/}},
  Note                     = {Last visited: 2016-05-10},
  Year                     = {2016},

  Owner                    = {weiner},
  Timestamp                = {2016.05.10},
  Url                      = {https://eclipse.org/modeling/emf/}
}

@Misc{EMF4CPP,
  Title                    = {Eclipse Modeling Framework for C++},
  HowPublished             = {\url{https://github.com/catedrasaes-umu/emf4cpp}},
  Note                     = {Last visited: 2016-05-10},
  Year                     = {2015},

  Owner                    = {weiner},
  Timestamp                = {2016.05.10},
  Url                      = {https://github.com/catedrasaes-umu/emf4cpp}
}

@Misc{gccxml,
  Title                    = {GCC-XML},
  HowPublished             = {\url{http://gccxml.github.io/HTML/Index.html}},
  Note                     = {Last visited: 2016-05-09},
  Year                     = {2012},

  Owner                    = {harry},
  Timestamp                = {2015.01.11},
  Url                      = {http://gccxml.github.io/HTML/Index.html}
}

@Standard{ISOC99,
  Title                    = {ISO/IEC 9899:1990},
  Institution              = {ISO/IEC},
  Organization             = {ISO/IEC},
  Note                     = {Last visited: 2016-05-09},
  Url                      = {http://www.open-std.org/JTC1/SC22/WG14/www/docs/n1256.pdf},
  Year                     = {2007},

  Owner                    = {harry},
  Timestamp                = {2016.05.09}
}

